@Book{xie2015,
  title = {Dynamic Documents with {R} and knitr},
  author = {Yihui Xie},
  publisher = {Chapman and Hall/CRC},
  address = {Boca Raton, Florida},
  year = {2015},
  edition = {2nd},
  note = {ISBN 978-1498716963},
  url = {http://yihui.name/knitr/},
}

@article{KAVAKIOTIS2017,
title = "Machine Learning and Data Mining Methods in Diabetes Research",
journal = "Computational and Structural Biotechnology Journal",
volume = "15",
pages = "104 - 116",
year = "2017",
issn = "2001-0370",
author = "Ioannis Kavakiotis and Olga Tsave and Athanasios Salifoglou and Nicos Maglaveras and Ioannis Vlahavas and Ioanna Chouvarda"
}


